@misc{web:unlp,
author = {UNLP\textsuperscript{\textregistered}},
title = {Universidad Nacional de La Plata},
howpublished = {\url{https://info.unlp.edu.ar/}},
year = {2001-2015},
note = {Accedido: 2011},
language = {spanish}
}
@article{einstein,
    author = "Albert Einstein",
    title = "{Zur Elektrodynamik bewegter K{\"o}rper}. ({German})
    [{On} the electrodynamics of moving bodies]",
    journal = "Annalen der Physik",
    volume = "322",
    number = "10",
    pages = "891--921",
    year = "1905",
    DOI = "http://dx.doi.org/10.1002/andp.19053221004",
    keywords = "physics"
}